<record><leader>00000cas a2200000 a 4500</leader><controlfield tag="001">35763110</controlfield><controlfield tag="008">961019c19489999miuar ne      0    0eng c</controlfield><datafield ind1=" " ind2=" " tag="010"><subfield code="a">sn 96077164 </subfield></datafield><datafield ind1=" " ind2=" " tag="040"><subfield code="a">MHN</subfield><subfield code="b">eng</subfield><subfield code="c">MHN</subfield><subfield code="d">OCL</subfield><subfield code="d">OCLCQ</subfield><subfield code="d">OCLCO</subfield><subfield code="d">OCLCF</subfield></datafield><datafield ind1="1" ind2=" " tag="029"><subfield code="a">AU@</subfield><subfield code="b">000012911078</subfield></datafield><datafield ind1=" " ind2=" " tag="042"><subfield code="a">pcc</subfield></datafield><datafield ind1=" " ind2=" " tag="043"><subfield code="a">n-us-mi</subfield></datafield><datafield ind1="0" ind2="3" tag="245"><subfield code="a">Ye olde newsboye.</subfield></datafield><datafield ind1="1" ind2="3" tag="246"><subfield code="a">Olde newwsboy</subfield></datafield><datafield ind1="3" ind2=" " tag="246"><subfield code="a">Old newsboys</subfield></datafield><datafield ind1="3" ind2=" " tag="246"><subfield code="a">Lansing state journal</subfield></datafield><datafield ind1="3" ind2=" " tag="246"><subfield code="a">Crego Comers chronicle</subfield></datafield><datafield ind1="3" ind2=" " tag="246"><subfield code="a">Lansing stale journal</subfield></datafield><datafield ind1="3" ind2=" " tag="246"><subfield code="a">Lugnut state journal</subfield></datafield><datafield ind1="3" ind2=" " tag="246"><subfield code="a">Old newsboy</subfield></datafield><datafield ind1="3" ind2=" " tag="246"><subfield code="a">Old old newsboy</subfield></datafield><datafield ind1=" " ind2=" " tag="250"><subfield code="a">Old newsboy ed.</subfield></datafield><datafield ind1=" " ind2=" " tag="260"><subfield code="a">Lansing, Mich. :</subfield><subfield code="b">[s.n.]</subfield></datafield><datafield ind1=" " ind2=" " tag="300"><subfield code="a">v.</subfield></datafield><datafield ind1=" " ind2=" " tag="310"><subfield code="a">Annual</subfield></datafield><datafield ind1="0" ind2=" " tag="362"><subfield code="a">Dec. 17, 1948-</subfield></datafield><datafield ind1=" " ind2=" " tag="500"><subfield code="a">Special charity edition published by the Old Newsboys organization to raise money to aid needy children. Edition is mostly a spoof.</subfield></datafield><datafield ind1=" " ind2=" " tag="500"><subfield code="a">Issue called: Centennial ed., Dec. 9, 1955.</subfield></datafield><datafield ind1=" " ind2=" " tag="515"><subfield code="a">Numbering irregular.</subfield></datafield><datafield ind1=" " ind2=" " tag="588"><subfield code="a">Description based on: Dec. 17, 1948.</subfield></datafield><datafield ind1=" " ind2="0" tag="650"><subfield code="a">Parody</subfield><subfield code="v">Newspapers.</subfield></datafield><datafield ind1=" " ind2="0" tag="651"><subfield code="a">Lansing (Mich.)</subfield><subfield code="v">Newspapers.</subfield></datafield><datafield ind1=" " ind2="0" tag="651"><subfield code="a">East Lansing (Mich.)</subfield><subfield code="v">Newspapers.</subfield></datafield><datafield ind1=" " ind2="0" tag="651"><subfield code="a">Holt (Mich.)</subfield><subfield code="v">Newspapers.</subfield></datafield><datafield ind1=" " ind2="0" tag="651"><subfield code="a">DeWitt (Mich.)</subfield><subfield code="v">Newspapers.</subfield></datafield><datafield ind1=" " ind2="0" tag="651"><subfield code="a">Ingham County (Mich.)</subfield><subfield code="v">Newspapers.</subfield></datafield><datafield ind1=" " ind2="7" tag="655"><subfield code="a">Newspapers.</subfield><subfield code="2">fast</subfield><subfield code="0">(OCoLC)fst01423814</subfield></datafield><datafield ind1=" " ind2="7" tag="650"><subfield code="a">Parody.</subfield><subfield code="2">fast</subfield><subfield code="0">(OCoLC)fst01053849</subfield></datafield><datafield ind1=" " ind2="7" tag="651"><subfield code="a">Michigan</subfield><subfield code="z">DeWitt.</subfield><subfield code="2">fast</subfield><subfield code="0">(OCoLC)fst01796857</subfield></datafield><datafield ind1=" " ind2="7" tag="651"><subfield code="a">Michigan</subfield><subfield code="z">East Lansing.</subfield><subfield code="2">fast</subfield><subfield code="0">(OCoLC)fst01206858</subfield></datafield><datafield ind1=" " ind2="7" tag="651"><subfield code="a">Michigan</subfield><subfield code="z">Holt.</subfield><subfield code="2">fast</subfield><subfield code="0">(OCoLC)fst01237449</subfield></datafield><datafield ind1=" " ind2="7" tag="651"><subfield code="a">Michigan</subfield><subfield code="z">Ingham County.</subfield><subfield code="2">fast</subfield><subfield code="0">(OCoLC)fst01209050</subfield></datafield><datafield ind1=" " ind2="7" tag="651"><subfield code="a">Michigan</subfield><subfield code="z">Lansing.</subfield><subfield code="2">fast</subfield><subfield code="0">(OCoLC)fst01208349</subfield></datafield><datafield ind1=" " ind2=" " tag="752"><subfield code="a">United States</subfield><subfield code="b">Michigan</subfield><subfield code="c">Ingham</subfield><subfield code="d">Lansing.</subfield></datafield><datafield ind1="0" ind2="0" tag="780"><subfield code="t">State journal (Lansing, Mich. : Old Newsboys ed.)</subfield><subfield code="w">(DLC)sn 96077163</subfield><subfield code="w">(OCoLC)35763116</subfield></datafield></record>